@article{Lagnese,
title = "Decay of solutions of wave equations in a bounded region with boundary dissipation ",
journal = "Journal of Differential Equations ",
volume = "50",
number = "2",
pages = "163 - 182",
year = "1983",
note = "",
issn = "0022-0396",
doi = "http://dx.doi.org/10.1016/0022-0396(83)90073-6",
url = "http://www.sciencedirect.com/science/article/pii/0022039683900736",
author = "John Lagnese"
}

@article{Triggiani,
title = "Wave equation on a bounded domain with boundary dissipation: An operator approach",
journal = "Journal of Mathematical Analysis and Applications",
volume = "137",
number = "2",
pages = "438 - 461",
year = "1989",
note = "",
issn = "0022-247X",
doi = "http://dx.doi.org/10.1016/0022-247X(89)90255-2",
url = "http://www.sciencedirect.com/science/article/pii/0022247X89902552",
author = "R Triggiani",
}

@article{Shakeri,
title = "The method of lines for solution of the one-dimensional wave equation subject to an integral conservation condition ",
journal = "Computers & Mathematics with Applications ",
volume = "56",
number = "9",
pages = "2175 - 2188",
year = "2008",
note = "",
issn = "0898-1221",
doi = "http://dx.doi.org/10.1016/j.camwa.2008.03.055",
url = "http://www.sciencedirect.com/science/article/pii/S0898122108003520",
author = "Fatemeh Shakeri and Mehdi Dehghan",
keywords = "Hyperbolic partial differential equation",
keywords = "Non-classic boundary condition",
keywords = "Method of lines",
keywords = "System of ordinary differential equations",
keywords = "Integral conservation condition "
}

@article{Torre,
title = "General Solution of the One-Dimensional Wave Equation",
journal = "Foundations of Wave Phenomena",
volume = "16",
author = "Charles Torre",
year = "2014"
}

@article{Labscript,
journal={Department of Physics, Oxford University},
title={GP03 Lab Script}
}

@book{French,
  author    = {A. P. French}, 
  title     = {Vibrations and waves},
  publisher = {CRC Press},
  year      = 1971
}

@article{bio,
title = "Normal Mode Analysis of Biomolecular Structures: Functional Mechanisms of Membrane Proteins",
journal = "Chemical reviews",
volume = "110(3)",
pages = "1463-1497",
author = "I. Bahar, T. Lezon",
year = "2010"
}
